@Online {UCIMachineLearningRepositoryMushroomDataSet-2018-04-20, title = {UCI Machine Learning Repository: Mushroom Data Set}, date = {2018-04-20}, url = {http://archive.ics.uci.edu/ml/datasets/Mushroom}, urldate = {2018-04-20}}